0130004    02249EUR2 00011353556  230524                                                  0000001860741{
0430004135202249EUR2 0001135355604230524  140524RECLA DEPOT GAB 097936 140524 2  0000000  0000000005300{03
0430004001202249EUR2 0001135355662230524  240524SUR REMISE C.B. DU 2305 N.28079  00000001 0000000000050P N.COM.423005001
0530004001202249EUR2 0001135355662230524     LIB6
0430004001202249EUR2 0001135355662230524  240524SUR REMISE C.B. DU 2305 N.45084  00000001 0000000000192N N.COM.497123801
0530004001202249EUR2 0001135355662230524     LIB0
0430004001202249EUR2 0001135355662230524  240524SUR REMISE C.B. DU 2305 N.49838  00000001 0000000002064O N.COM.422527201
0530004001202249EUR2 0001135355662230524     LIB4
0430004009902249EUR2 0001135355630230524  2405242305 N.28079 DE 94RUNGIS CEDEX   128079   0000000005386H   N.COM.4230050
0530004009902249EUR2 0001135355630230524     LIBN.COM.4230050016
0430004009902249EUR2 0001135355630230524  2405242305 N.45084 DE 94RUNGIS CEDEX   245084   0000000024173{   N.COM.4971238
0530004009902249EUR2 0001135355630230524     LIBN.COM.4971238010
0430004009902249EUR2 0001135355630230524  2405242305 N.49838 DE 94RUNGIS CEDEX   249838   0000000244795B   N.COM.4225272
0530004009902249EUR2 0001135355630230524     LIBN.COM.4225272014
0430004010302249EUR2 0001135355603240524  2305248176121 REMISE 3413187 DU 15/05  81761210 0000000002219J/24
0430004001202249EUR2 0001135355662240524  240524/DE NENUPHAR SAL OFFSHORE/FROM   00000000 0000000000190}CH/6240754320100
0530004001202249EUR2 0001135355662240524     NDONENUPHAR SAL OFFSHORE
0530004001202249EUR2 0001135355662240524     PDOCH/62407543201000C
0530004001202249EUR2 0001135355662240524     REF07600145T4A3379 24052441458882 IPA4052400020868
0530004001202249EUR2 0001135355662240524     MMOEUR200000000590186
0430004056802249EUR2 0001135355618240524  240524PRESIDENCE DE LA REPUBLIQUE      0000000  0000000000442B1D0750000 VT525/
0530004056802249EUR2 0001135355618240524     NPYDRFIP ILE DE FRANCE ET DE PARIS
0530004056802249EUR2 0001135355618240524     NPOPRESIDENCE DE LA REPUBLIQUE
0530004056802249EUR2 0001135355618240524     LCCVT525/2024/04/1131 - ACHAT MATERIELS FLEURISTE AVRIL- FACTURE VT525/20
0530004056802249EUR2 0001135355618240524     LC224/04/1131 DU 18/04/2024-RENAUD DISTRIBUTION-PRESIDENCE DE LA REPUBLIQ
0530004056802249EUR2 0001135355618240524     RCN1D0750000 VT525/2024/04/1131 - ACHA
0530004056802249EUR2 0001135355618240524     PDOFR FRANCE
0430004056802249EUR2 0001135355618240524  240524SARL FLEURS DU QUERCY            0000000  0000000000540{
0530004056802249EUR2 0001135355618240524     NPYSARL FLEURS DU QUERCY
0530004056802249EUR2 0001135355618240524     LCCFACT VT104/2024/05/0398 CLIENT 20775
0530004056802249EUR2 0001135355618240524     RCNNOT PROVIDED
0530004056802249EUR2 0001135355618240524     PDOFR FRANCE
0430004056802249EUR2 0001135355618240524  240524M.M.J                            0000000  0000000002052H0320241443295235
0530004056802249EUR2 0001135355618240524     NPYM.M.J
0530004056802249EUR2 0001135355618240524     LCCACHAT FOURNITURES
0530004056802249EUR2 0001135355618240524     RCN032024144329523550000001
0530004056802249EUR2 0001135355618240524     PDOFR FRANCE
0430004056802249EUR2 0001135355618240524  240524EI - M DAVID CAPPELIEZ           0000000  0000000002328FVIREMENT DE EI -
0530004056802249EUR2 0001135355618240524     NPYEI - M DAVID CAPPELIEZ
0530004056802249EUR2 0001135355618240524     LCCFACTURE VT112 2024 05 0408
0530004056802249EUR2 0001135355618240524     RCNVIREMENT DE EI - M DAVID CAPPELIEZ
0530004056802249EUR2 0001135355618240524     PDOFR FRANCE
0430004056802249EUR2 0001135355618240524  240524MEUDON - COMMUNE                 0000000  0000000004881F1609200700750020
0530004056802249EUR2 0001135355618240524     NPYSGC BOULOGNE BILLANCOURT MUNICIPALE
0530004056802249EUR2 0001135355618240524     NPOMEUDON - COMMUNE
0530004056802249EUR2 0001135355618240524     LCCFAC. VT525/2024/04/1804 DU 26/04/2024 BC / RENAUD RUNGISMEUDON - COMMU
0530004056802249EUR2 0001135355618240524     LC2NE
0530004056802249EUR2 0001135355618240524     RCN160920070075002024-05-222403
0530004056802249EUR2 0001135355618240524     PDOFR FRANCE
0430004056802249EUR2 0001135355618240524  240524LP LYCEE DES METIERS FLORA TRIS  0000000  0000000005046B1D0330000 -P0171
0530004056802249EUR2 0001135355618240524     NPYDRFIP NOUVELLE AQUITAINE ET GIRONDE
0530004056802249EUR2 0001135355618240524     NPOLP LYCEE DES METIERS FLORA TRISTAN
0530004056802249EUR2 0001135355618240524     LCCLP LYCEE DES METIERS FLORA TRI112/2024/04/0635
0530004056802249EUR2 0001135355618240524     RCN1D0330000 -P01711-BQ24002108-1
0530004056802249EUR2 0001135355618240524     PDOFR FRANCE
0430004052902249EUR2 0001135355621240524  240524REMISE 0000002VIRTS REF R-NOCAT  R-NOCAT0 0000000015478LREGLT 27052024
0530004052902249EUR2 0001135355621240524     REFPAY0516-20240524-NORM-NOINSTR-NOCAT
0430004056802249EUR2 0001135355618240524  240524SARL LA FLEUR DE BLANC MESNIL    0000000  0000000026805FVIREMENT DE SARL
0530004056802249EUR2 0001135355618240524     NPYSARL LA FLEUR DE BLANC MESNIL
0530004056802249EUR2 0001135355618240524     LCCFACTURE VT525 2024 05 0681
0530004056802249EUR2 0001135355618240524     RCNVIREMENT DE SARL LA FLEUR DE BLANC
0530004056802249EUR2 0001135355618240524     PDOFR FRANCE
0430004052902249EUR2 0001135355621240524  240524REMISE 0000003VIRTS REF R-NOCAT  R-NOCAT0 0000000033510QREGLT 27052024
0530004052902249EUR2 0001135355621240524     REFPAY0515-20240524-NORM-NOINSTR-NOCAT
0430004004002249EUR2 0001135355645240524  240524/DE NENUPHAR SAL OFFSHORE/FROM   0000000  0000000058818FCH/6240754320100
0530004004002249EUR2 0001135355645240524     MMOEUR200000000590186
0530004004002249EUR2 0001135355645240524     FBEEUR000000000000020
0530004004002249EUR2 0001135355645240524     NPYNENUPHAR SAL OFFSHORE
0530004004002249EUR2 0001135355645240524     PDOCH SUISSE
0530004004002249EUR2 0001135355645240524     NBERENAUD SA
0530004004002249EUR2 0001135355645240524     LCC/RFB/DEVIS NO S213815 PLANTESSTABILISEES NOVOTEL
0530004004002249EUR2 0001135355645240524     RCN07600145T4A3379
0430004050602249EUR2 0001135355614240524  240524BENEF   18829444220390631974092  00000001 0000002600000} TRN   IPA405240
0530004050602249EUR2 0001135355614240524     NBERENAUD SA
0530004050602249EUR2 0001135355614240524     LCCEQUILIBRAGE RENAUD BNP VERS REN
0530004050602249EUR2 0001135355614240524     RCNNOTPROVIDED
0530004050602249EUR2 0001135355614240524     REFTRESO
0530004050602249EUR2 0001135355614240524     CBE188294442203906319740
0730004    02249EUR2 00011353556  240524                                                  0000000412394M
